\noindent @techreport{benchmarkset,
  address = { Singapore},
  author = {Suganthan, P. N. and Hansen, N. and Liang, J. J. and Deb, K. and Chen, Y. P. 
  and Auger, A. and Tiwari, S.},
  institution = {Nanyang Technological University},
  title = {Problem Definitions and Evaluation Criteria for the {CEC} 2005 Special Session on Real-Parameter Optimization},
  year = 2005
}

@inproceedings{kennedy1995particle,
  title={Particle Swarm Optimization},
  author={Kennedy, J and Eberhart, R},
  booktitle={Neural Networks, 1995. Proceedings., IEEE International Conference on},
  volume={4},
  pages={1942--1948},
  year={1995},
  organization={IEEE}
}
 
 @book{engelbrecht2007computational,
  title={Computational Intelligence: {An} introduction},
  author={Engelbrecht, Andries P},
  year={2007},
  publisher={Wiley. com}
}


@article{ratnaweera2004self,
  title={Self-organizing hierarchical particle swarm optimizer with time-varying acceleration coefficients},
  author={Ratnaweera, Asanga and Halgamuge, Saman K and Watson, Harry C},
  journal={Evolutionary Computation, IEEE Transactions on},
  volume={8},
  number={3},
  pages={240--255},
  year={2004},
  publisher={IEEE}
}


@article{pedersen2010good,
  title={Good parameters for particle swarm optimization},
  author={Pedersen, Magnus Erik Hvass},
  journal={Hvass Lab., Copenhagen, Denmark, Tech. Rep. HL1001},
  year={2010}
}

@inproceedings{schoene2012step,
  title={Step-Optimized Particle Swarm Optimization},
  author={Schoene, Thomas and Ludwig, Simone A and Spiteri, Raymond J},
  booktitle={Evolutionary Computation (CEC), 2012 IEEE Congress on},
  pages={1--9},
  year={2012},
  organization={IEEE}
}

@article{mendes2004fully,
  title={The fully informed particle swarm: simpler, maybe better},
  author={Mendes, Rui and Kennedy, James and Neves, Jos{\'e}},
  journal={Evolutionary Computation, IEEE Transactions on},
  volume={8},
  number={3},
  pages={204--210},
  year={2004},
  publisher={IEEE}
}

@incollection{mohais2005neighborhood,
  title={Neighborhood re-structuring in particle swarm optimization},
  author={Mohais, Arvind S and Mendes, Rui and Ward, Christopher and Posthoff, Christian},
  booktitle={AI 2005: Advances in Artificial Intelligence},
  pages={776--785},
  year={2005},
  publisher={Springer}
}

@article{eslami2012survey,
  title={A survey of the state of the art in particle swarm optimization},
  author={Eslami, Mahdiyeh and Shareef, Hussain and Khajehzadeh, Mohammad and Mohamed, Azah},
  journal={Research Journal of Applied Sciences, Engineering and Technology},
  volume={4},
  number={9},
  pages={1181--1197},
  year={2012}
}

@article {borges2007analise,
  title={An{\'a}lise e projeto de filtros {\'o}pticos},
  author={Borges, Gilvan Soares},
  journal={Trabalho de conclus{\~a}o de curso, faculdade de Engenharia El{\'e}trica, Universidade Federal do Par{\'a}},
  year={2007}
}

%%%%%%%%%%%%%%%%%%%%%%%%%%%%%%%%%%%%%%%%%%%%%%%%%%%%%%%%%%%%%%%%%%%%%%%%%%%%%%%%%%%%%%%%%%%%%%%%%%%%%%%%%%%%%%%%%%%%%%%%%%%

@article{Dolan01benchmarkingoptimization,
year={2002},
OPTissn={0025-5610},
journal={Mathematical Programming},
volume={91},
number={2},
OPTdoi={10.1007/s101070100263},
title={Benchmarking optimization software with performance profiles},
OPTurl={http://dx.doi.org/10.1007/s101070100263},
publisher={Springer-Verlag},
author={Dolan, Elizabeth D. and More, Jorge J.},
pages={201-213}
}

@inproceedings{conf/cec/BarbosaBB10,
  author = {Barbosa, Helio J. C. and Bernardino, Heder S. and da Motta Salles Barreto, Andre},
  booktitle = {IEEE Congress on Evolutionary Computation},
  pages = {1-8},
  year = {2010},
  publisher = {IEEE},
  title = {Using performance profiles to analyze the results of the 2006 {CEC} constrained optimization competition.},
}
